@article{Morrisett:1999:SFT:319301.319345,
    author = {Morrisett, Greg and Walker, David and Crary, Karl and Glew, Neal},
    title = {From System F to Typed Assembly Language},
    journal = {ACM Trans. Program. Lang. Syst.},
    issue_date = {May 1999},
    volume = {21},
    number = {3},
    month = may,
    year = {1999},
    issn = {0164-0925},
    pages = {527--568},
    numpages = {42},
    url = {http://doi.acm.org/10.1145/319301.319345},
    doi = {10.1145/319301.319345},
    acmid = {319345},
    publisher = {ACM},
    address = {New York, NY, USA},
    keywords = {certified code, closure conversion, secure extensible systems, type-directed compilation, typed assembly language, typed intermediate languages},
} 

@article{Sarkar:2004:NIC:1016848.1016878,
    author = {Sarkar, Dipanwita and Waddell, Oscar and Dybvig, R. Kent},
    title = {A Nanopass Infrastructure for Compiler Education},
    journal = {SIGPLAN Not.},
    issue_date = {September 2004},
    volume = {39},
    number = {9},
    month = sep,
    year = {2004},
    issn = {0362-1340},
    pages = {201--212},
    numpages = {12},
    url = {http://doi.acm.org/10.1145/1016848.1016878},
    doi = {10.1145/1016848.1016878},
    acmid = {1016878},
    publisher = {ACM},
    address = {New York, NY, USA},
    keywords = {compiler writing tools, domain-specific languages, nanopass compilers, syntactic abstraction},
} 

@article{Keep:2013:NFC:2544174.2500618,
    author = {Keep, Andrew W. and Dybvig, R. Kent},
    title = {A Nanopass Framework for Commercial Compiler Development},
    journal = {SIGPLAN Not.},
    issue_date = {September 2013},
    volume = {48},
    number = {9},
    month = sep,
    year = {2013},
    issn = {0362-1340},
    pages = {343--350},
    numpages = {8},
    url = {http://doi.acm.org/10.1145/2544174.2500618},
    doi = {10.1145/2544174.2500618},
    acmid = {2500618},
    publisher = {ACM},
    address = {New York, NY, USA},
    keywords = {compiler, nanopass, scheme},
} 

@inproceedings{Zakai:2011:ELC:2048147.2048224,
    author = {Zakai, Alon},
    title = {Emscripten: An LLVM-to-JavaScript Compiler},
    booktitle = {Proceedings of the ACM International Conference Companion on Object Oriented Programming Systems Languages and Applications Companion},
    series = {SPLASH '11},
    year = {2011},
    isbn = {978-1-4503-0942-4},
    location = {Portland, Oregon, USA},
    pages = {301--312},
    numpages = {12},
    url = {http://doi.acm.org/10.1145/2048147.2048224},
    doi = {10.1145/2048147.2048224},
    acmid = {2048224},
    publisher = {ACM},
    address = {New York, NY, USA},
    keywords = {decompiler, javascript, llvm},
} 

@article{Yang:2011:FUB:1993316.1993532,
    author = {Yang, Xuejun and Chen, Yang and Eide, Eric and Regehr, John},
    title = {Finding and Understanding Bugs in C Compilers},
    journal = {SIGPLAN Not.},
    issue_date = {June 2011},
    volume = {46},
    number = {6},
    month = jun,
    year = {2011},
    issn = {0362-1340},
    pages = {283--294},
    numpages = {12},
    url = {http://doi.acm.org/10.1145/1993316.1993532},
    doi = {10.1145/1993316.1993532},
    acmid = {1993532},
    publisher = {ACM},
    address = {New York, NY, USA},
    keywords = {automated testing, compiler defect, compiler testing, random program generation, random testing},
} 

@article{Leroy:2009:FVR:1538788.1538814,
    author = {Leroy, Xavier},
    title = {Formal Verification of a Realistic Compiler},
    journal = {Commun. ACM},
    issue_date = {July 2009},
    volume = {52},
    number = {7},
    month = jul,
    year = {2009},
    issn = {0001-0782},
    pages = {107--115},
    numpages = {9},
    url = {http://doi.acm.org/10.1145/1538788.1538814},
    doi = {10.1145/1538788.1538814},
    acmid = {1538814},
    publisher = {ACM},
    address = {New York, NY, USA},
} 

@article{10.1109/MC.2012.57,
    author = {Charles Severance},
    title = {JavaScript: Designing a Language in 10 Days},
    journal ={Computer},
    volume = {45},
    number = {2},
    issn = {0018-9162},
    year = {2012},
    pages = {7-8},
    doi = {http://doi.ieeecomputersociety.org/10.1109/MC.2012.57},
    publisher = {IEEE Computer Society},
    address = {Los Alamitos, CA, USA},
}

@book{DBLP:books/daglib/0022396,
    author    = {Andrew W. Appel},
    title     = {Compiling with Continuations (corr. version)},
    publisher = {Cambridge University Press},
    year      = {2006},
    isbn      = {978-0-521-03311-4},
    pages     = {I-X, 1-260},
    bibsource = {DBLP, http://dblp.uni-trier.de}
}

@book{DBLP:books/daglib/0020447,
    author    = {Douglas Crockford},
    title     = {JavaScript - the good parts: unearthing the excellence in
        JavaScript},
    publisher = {O'Reilly},
    year      = {2008},
    isbn      = {978-0-596-51774-8},
    pages     = {I-XIII, 1-153},
    ee        = {http://www.oreilly.com/catalog/9780596517748/index.html\#top},
    bibsource = {DBLP, http://dblp.uni-trier.de}
}

@book{Pharr:2010:PBR:1854996,
    author = {Pharr, Matt and Humphreys, Greg},
    title = {Physically Based Rendering, Second Edition: From Theory To Implementation},
    year = {2010},
    isbn = {0123750792, 9780123750792},
    edition = {2nd},
    publisher = {Morgan Kaufmann Publishers Inc.},
    address = {San Francisco, CA, USA},
    note = {pp. 116-118}
} 

@book{onlisp,
    author = {Paul Graham},
    title = {On Lisp},
    year = {1993},
    isbn = {0130305529},
    edition = {1st},
    publisher = {Prentice Hall},
} 

@misc{whybothers,
    author = {Vyacheslav Egorov},
    title = {Why asm.js bothers me},
    type = {Blog},
    month = {March},
    year = {2013},
    howpublished = {\url{http://mrale.ph/blog/2013/03/28/why-asmjs-bothers-me.html}},
    note = {Accessed on 18. March 2014}
}

@misc{unreal,
    title = {Mozilla is Unlocking the Power of the Web as a Platform for Gaming},
    type = {Blog},
    month = {March},
    year = {2013},
    howpublished = {\url{https://blog.mozilla.org/blog/2013/03/27/mozilla-is-unlocking-the-power-of-the-web-as-a-platform-for-gaming/}},
    note = {Accessed on 18. March 2014}
}

@misc{githubarchive,
    title = {GitHub Archive},
    type = {Blog},
    howpublished = {\url{http://www.githubarchive.org/}},
    note = {Accessed on 18. March 2014}
}

@misc{topgithub,
    title = {Top Github Languages for 2013 (so far)},
    type = {Blog},
    month = {August},
    year = {2013},
    howpublished = {\url{http://adambard.com/blog/top-github-languages-for-2013-so-far/}},
    note = {Accessed on 18. March 2014}
}

@misc{asmjsspec,
    author = {Herman, David and Wagner, Luke and Zakai, Alon},
    title = {asm.js, Working Draft},
    type = {Blog},
    month = {December},
    year = {2013},
    howpublished = {\url{http://asmjs.org/spec/latest/}},
    note = {Accessed on 18. March 2014}
}

@misc{adblock,
    author = {Wladimir Palant},
    title = {Thoughts on using asm.js for performance bottlenecks in browser extensions},
    type = {Blog},
    month = {June},
    year = {2013},
    howpublished = {\url{https://adblockplus.org/blog/thoghts-on-using-asmjs-for-performance-bottlenecks-in-browser-extensions}},
    note = {Accessed on 18. March 2014}
}

@book{books/daglib/0029097,
    added-at = {2012-06-01T00:00:00.000+0200},
    author = {Hughes-Croucher, Tom and Wilson, Mike},
    biburl = {http://www.bibsonomy.org/bibtex/291d12d414cefa6da3c0e4739c724dfa8/dblp},
    ee = {http://www.oreilly.de/catalog/9781449398583/},
    interhash = {fdd8807e6b4f0d75f44c44ed50ea5fca},
    intrahash = {91d12d414cefa6da3c0e4739c724dfa8},
    isbn = {978-1-449-39858-3},
    keywords = {dblp},
    pages = {1-184},
    publisher = {O'Reilly},
    timestamp = {2012-06-01T00:00:00.000+0200},
    title = {Node - Up and Running: Scalable Server-Side Code with JavaScript.},
    year = 2012,
    note = {Foreword by Brendan Eich}
}

@misc{asmjsbenchmark,
    author = {Alon Zakai},
    title = {Big Web App? Compile It!},
    type = {Blog},
    month = {February},
    year = {2013},
    howpublished = {\url{http://kripken.github.com/mloc_emscripten_talk/\#/28}},
    note = {Accessed on 18. March 2014}
}

@misc{asmjspdf,
    author = {Herman, Dave and Wagner, Luke and Zakai, Alon},
    title = {asm.js: a High Performance Subset of JavaScript},
    type = {Blog},
    month = {January},
    year = {2013},
    howpublished = {\url{https://github.com/dherman/asm.js/blob/master/tex/def.pdf}},
    note = {Accessed on 18. March 2014}
}

@misc{hnthread,
    title = {Hacker News asm.js release thread},
    type = {Blog},
    month = {February},
    year = {2013},
    howpublished = {\url{https://news.ycombinator.com/item?id=5227274}},
    note = {Accessed on 18. March 2014}
}

@misc{asmjsbenchmarks,
    title = {Are we fast yet, asm.js benchmarks and comparisons},
    type = {Blog},
    howpublished = {\url{http://arewefastyet.com/#machine=11&view=breakdown&suite=asmjs-apps}},
    note = {Accessed on 18. March 2014}
}

@misc{asmjsadditions,
    author = {Dave Herman},
    title = {David Herman on future plans for asm.js},
    type = {Blog},
    month = {February},
    year = {2013},
    howpublished = {\url{https://news.ycombinator.com/item?id=5228042}},
    note = {Accessed on 18. March 2014}
}
